<?xml version="1.0"?>
<marc:collection xmlns:marc="http://www.loc.gov/MARC21/slim" xmlns:xsi="http://www.w3.org/2001/XMLSchema-instance" xsi:schemaLocation="http://www.loc.gov/MARC21/slim http://www.loc.gov/standards/marcxml/schema/MARC21slim.xsd">
   <marc:record type="Bibliographic">
      <marc:leader>01487cam a2200337I  4500</marc:leader>
      <marc:controlfield tag="001">4133115</marc:controlfield>
      <marc:controlfield tag="003">NjP</marc:controlfield>
      <marc:controlfield tag="005">20111222084020.0</marc:controlfield>
      <marc:controlfield tag="008">950531s1914    ua            000 0 arao </marc:controlfield>
      <marc:datafield tag="024" ind1="7" ind2=" ">
         <marc:subfield code="a">princeton_aco000009</marc:subfield>
         <marc:subfield code="2">local</marc:subfield>
      </marc:datafield>
      <marc:datafield tag="010" ind1=" " ind2=" ">
         <marc:subfield code="a">   78255803 </marc:subfield>
      </marc:datafield>
      <marc:datafield tag="035" ind1=" " ind2=" ">
         <marc:subfield code="a">(OCoLC)ocn179647257</marc:subfield>
      </marc:datafield>
      <marc:datafield tag="035" ind1=" " ind2=" ">
         <marc:subfield code="a">(OCoLC)ocm32577276</marc:subfield>
      </marc:datafield>
      <marc:datafield tag="040" ind1=" " ind2=" ">
         <marc:subfield code="a">NjP</marc:subfield>
         <marc:subfield code="c">PUL</marc:subfield>
         <marc:subfield code="d">PUL</marc:subfield>
      </marc:datafield>
      <marc:datafield tag="035" ind1=" " ind2=" ">
         <marc:subfield code="a">(OCoLC)179647257</marc:subfield>
      </marc:datafield>
      <marc:datafield tag="035" ind1=" " ind2=" ">
         <marc:subfield code="a">(NjP)4133115</marc:subfield>
      </marc:datafield>
      <marc:datafield tag="050" ind1="0" ind2=" ">
         <marc:subfield code="a">PJ6161</marc:subfield>
         <marc:subfield code="b">.M78</marc:subfield>
      </marc:datafield>
      <marc:datafield tag="079" ind1=" " ind2=" ">
         <marc:subfield code="a">ocm32577276</marc:subfield>
      </marc:datafield>
      <marc:datafield tag="049" ind1=" " ind2=" ">
         <marc:subfield code="a">PULL</marc:subfield>
      </marc:datafield>
      <marc:datafield tag="100" ind1="1" ind2=" ">
         <marc:subfield code="6">880-01</marc:subfield>
         <marc:subfield code="a">Mu&#x2BC;ayyad, Yah&#x323;ya&#x301; ibn H&#x323;amzah,</marc:subfield>
         <marc:subfield code="d">1270 or 71-ca. 1348.</marc:subfield>
      </marc:datafield>
      <marc:datafield tag="245" ind1="1" ind2="0">
         <marc:subfield code="6">880-02</marc:subfield>
         <marc:subfield code="a">Kita&#x304;b al-t&#x323;ira&#x304;z al-mutad&#x323;ammin li-asra&#x304;r al-bala&#x304;ghah wa-&#x2BB;ulu&#x304;m h&#x323;aqa&#x304;&#x2BC;iq al-a&#x2BB;ja&#x304;z /</marc:subfield>
         <marc:subfield code="c">ta&#x2BC;li&#x304;f Yah&#x323;ya&#x301; ibn H&#x323;amzah ibn &#x2BB;Ali&#x304; ibn Ibra&#x304;hi&#x304;m al-&#x2BB;Alawi&#x304; al-Yamani&#x304;.</marc:subfield>
      </marc:datafield>
      <marc:datafield tag="260" ind1=" " ind2=" ">
         <marc:subfield code="6">880-03</marc:subfield>
         <marc:subfield code="a">Mis&#x323;r :</marc:subfield>
         <marc:subfield code="b">Da&#x304;r al-Kutub al-Khidaywi&#x304;yah,</marc:subfield>
         <marc:subfield code="c">1914.</marc:subfield>
      </marc:datafield>
      <marc:datafield tag="300" ind1=" " ind2=" ">
         <marc:subfield code="a">3 v.</marc:subfield>
         <marc:subfield code="c">25 cm.</marc:subfield>
      </marc:datafield>
      <marc:datafield tag="500" ind1=" " ind2=" ">
         <marc:subfield code="6">880-04</marc:subfield>
         <marc:subfield code="a">Cover: Mu&#x2BC;assasat al-Nas&#x323;r, Teheran, 1972.</marc:subfield>
      </marc:datafield>
      <marc:datafield tag="650" ind1=" " ind2="0">
         <marc:subfield code="a">Arabic language</marc:subfield>
         <marc:subfield code="x">Rhetoric.</marc:subfield>
      </marc:datafield>
      <marc:datafield tag="740" ind1="0" ind2=" ">
         <marc:subfield code="6">880-05</marc:subfield>
         <marc:subfield code="a">T&#x323;ira&#x304;z.</marc:subfield>
      </marc:datafield>
      <marc:datafield tag="880" ind1="1" ind2=" ">
         <marc:subfield code="6">100-01/r</marc:subfield>
         <marc:subfield code="a">&#x645;&#x624;&#x64A;&#x62F;&#x60C; &#x64A;&#x62D;&#x64A;&#x649; &#x628;&#x646; &#x62D;&#x645;&#x632;&#x629;&#x60C;</marc:subfield>
         <marc:subfield code="d">1270 or 71-. 1348.</marc:subfield>
      </marc:datafield>
      <marc:datafield tag="880" ind1="1" ind2="0">
         <marc:subfield code="6">245-02/r</marc:subfield>
         <marc:subfield code="a">&#x643;&#x62A;&#x627;&#x628; &#x627;&#x644;&#x637;&#x631;&#x627;&#x632; &#x627;&#x644;&#x645;&#x62A;&#x636;&#x645;&#x646; &#x644;&#x627;&#x633;&#x631;&#x627;&#x631; &#x627;&#x644;&#x628;&#x644;&#x627;&#x63A;&#x629; &#x648;&#x639;&#x644;&#x648;&#x645; &#x62D;&#x642;&#x627;&#x626;&#x642; &#x627;&#x644;&#x627;&#x639;&#x62C;&#x627;&#x632; /</marc:subfield>
         <marc:subfield code="c">&#x62A;&#x623;&#x644;&#x64A;&#x641; &#x64A;&#x62D;&#x64A;&#x649; &#x628;&#x646; &#x62D;&#x645;&#x632;&#x629; &#x628;&#x646; &#x639;&#x644;&#x64A; &#x628;&#x646; &#x627;&#x628;&#x631;&#x627;&#x647;&#x64A;&#x645; &#x627;&#x644;&#x639;&#x644;&#x648;&#x64A; &#x627;&#x644;&#x64A;&#x645;&#x646;&#x64A;.</marc:subfield>
      </marc:datafield>
      <marc:datafield tag="880" ind1=" " ind2=" ">
         <marc:subfield code="6">260-03/r</marc:subfield>
         <marc:subfield code="a">&#x645;&#x635;&#x631; :</marc:subfield>
         <marc:subfield code="b">&#x62F;&#x627;&#x631; &#x627;&#x644;&#x643;&#x62A;&#x628; &#x627;&#x644;&#x62E;&#x62F;&#x64A;&#x648;&#x64A;&#x629;&#x60C;</marc:subfield>
         <marc:subfield code="c">1914.</marc:subfield>
      </marc:datafield>
      <marc:datafield tag="880" ind1=" " ind2=" ">
         <marc:subfield code="6">500-04/r</marc:subfield>
         <marc:subfield code="a">Cover:  &#x645;&#x624;&#x633;&#x633;&#x629; &#x627;&#x644;&#x646;&#x635;&#x631;&#x60C; &#x62A;&#x647;&#x631;&#x646;&#x60C; 1972.</marc:subfield>
      </marc:datafield>
      <marc:datafield tag="880" ind1="0" ind2=" ">
         <marc:subfield code="6">740-05/r</marc:subfield>
         <marc:subfield code="a">&#x637;&#x631;&#x627;&#x632;.</marc:subfield>
      </marc:datafield>
      <marc:datafield tag="994" ind1=" " ind2=" ">
         <marc:subfield code="a">C0</marc:subfield>
         <marc:subfield code="b">PUL</marc:subfield>
      </marc:datafield>
      <marc:datafield tag="999" ind1=" " ind2=" ">
         <marc:subfield code="a">4133115</marc:subfield>
      </marc:datafield>
   </marc:record>
</marc:collection>
